<?xml version="1.0" encoding="UTF-8"?><collection xmlns="http://www.loc.gov/MARC21/slim"><record><leader>00525nam--2200169-i-4500</leader><controlfield tag="001">000011764</controlfield><controlfield tag="002">20161230</controlfield><controlfield tag="005">20161230201029</controlfield><controlfield tag="008">060222s1000------------r-----000-0-fre-d</controlfield><datafield ind1=" " ind2=" " tag="041"><subfield code="a">fre</subfield></datafield><datafield ind1=" " ind2=" " tag="080"><subfield code="a">621.312.62(043):537.533.35(043)</subfield></datafield><datafield ind1="1" ind2=" " tag="100"><subfield code="a">Bonhomme, Pierre</subfield></datafield><datafield ind1="1" ind2="0" tag="245"><subfield code="a">Objectifs spraconducteurs et haute resollution en microscopie electronique par transmission</subfield><subfield code="b">These</subfield><subfield code="c">Pierre bonhomme</subfield></datafield><datafield ind1=" " ind2=" " tag="260"><subfield code="a">Reims</subfield><subfield code="b">Universite De Reims</subfield><subfield code="c">1973</subfield></datafield><datafield ind1=" " ind2=" " tag="300"><subfield code="a">103 P</subfield></datafield><datafield ind1=" " ind2=" " tag="852"><subfield code="a">43386</subfield><subfield code="c">537.533.35</subfield></datafield><datafield ind1=" " ind2=" " tag="CAT"><subfield code="a">Sys</subfield><subfield code="c">20110913</subfield><subfield code="h">131338</subfield></datafield></record></collection>